@Book{booch99:_unified_model_languag_user_guide,
  author    = {Booch, Grady and Rumbaugh, James and Jacobson, Ivar},
  title     = {The Unified Modeling Language User Guide},
  publisher = {Addison-Wesley},
  year      = 1999
}
